<?xml version="1.0" encoding="UTF-8"?>
<collection xmlns="http://www.loc.gov/MARC21/slim" xmlns:xsi="http://www.w3.org/2001/XMLSchema-instance" xmlns:marc="http://www.loc.gov/MARC21/slim" xsi:schemaLocation="http://www.loc.gov/MARC21/slim http://www.loc.gov/standards/marcxml/schema/MARC21slim.xsd">
   <record>
      <marc:leader>02428cas a2200529 a 4500</marc:leader>
      <marc:controlfield tag="001">4826219</marc:controlfield>
      <marc:controlfield tag="005">20160128154054.0</marc:controlfield>
      <marc:controlfield tag="008">001121d19151916nyumr p       0    0eng  </marc:controlfield>
      <marc:datafield tag="010" ind1=" " ind2=" ">
         <marc:subfield code="a">   51049301 </marc:subfield>
      </marc:datafield>
      <marc:datafield tag="035" ind1=" " ind2=" ">
         <marc:subfield code="a">(OCoLC)ocm45410231</marc:subfield>
      </marc:datafield>
      <marc:datafield tag="040" ind1=" " ind2=" ">
         <marc:subfield code="a">DLC</marc:subfield>
         <marc:subfield code="c">DLC</marc:subfield>
         <marc:subfield code="d">NjP</marc:subfield>
      </marc:datafield>
      <marc:datafield tag="041" ind1="0" ind2=" ">
         <marc:subfield code="a">eng</marc:subfield>
         <marc:subfield code="a">fre</marc:subfield>
      </marc:datafield>
      <marc:datafield tag="042" ind1=" " ind2=" ">
         <marc:subfield code="a">lc</marc:subfield>
      </marc:datafield>
      <marc:datafield tag="050" ind1="0" ind2="0">
         <marc:subfield code="a">N1</marc:subfield>
         <marc:subfield code="b">.T8</marc:subfield>
      </marc:datafield>
      <marc:datafield tag="245" ind1="0" ind2="0">
         <marc:subfield code="a">291.</marc:subfield>
      </marc:datafield>
      <marc:datafield tag="246" ind1="3" ind2=" ">
         <marc:subfield code="a">Two hundred ninety one</marc:subfield>
      </marc:datafield>
      <marc:datafield tag="246" ind1="3" ind2=" ">
         <marc:subfield code="a">Two hundred and ninety one</marc:subfield>
      </marc:datafield>
      <marc:datafield tag="260" ind1=" " ind2=" ">
         <marc:subfield code="a">New York, N.Y. :</marc:subfield>
         <marc:subfield code="b">"291",</marc:subfield>
         <marc:subfield code="c">1915-1916.</marc:subfield>
      </marc:datafield>
      <marc:datafield tag="300" ind1=" " ind2=" ">
         <marc:subfield code="a">12 v. :</marc:subfield>
         <marc:subfield code="b">ill. (some col.) ;</marc:subfield>
         <marc:subfield code="c">45-51 cm.</marc:subfield>
      </marc:datafield>
      <marc:datafield tag="310" ind1=" " ind2=" ">
         <marc:subfield code="a">Monthly</marc:subfield>
      </marc:datafield>
      <marc:datafield tag="362" ind1="0" ind2=" ">
         <marc:subfield code="a">No. 1 (Mar. 1915)-no. 12 (Feb. 1916).</marc:subfield>
      </marc:datafield>
      <marc:datafield tag="546" ind1=" " ind2=" ">
         <marc:subfield code="a">Chiefly in English; some text in French.</marc:subfield>
      </marc:datafield>
      <marc:datafield tag="515" ind1=" " ind2=" ">
         <marc:subfield code="a">Nos. 5/6, nos. 7/8 and nos. 10/11 issued in combined form.</marc:subfield>
      </marc:datafield>
      <marc:datafield tag="500" ind1=" " ind2=" ">
         <marc:subfield code="a">Published at 291 Fifth Avenue, New York. Edited by Alfred Stieglitz, Marius de Zayas, Paul Haviland, Agnes Ernst Meyer, Francis Picabia, Katharine N. Rhoades.</marc:subfield>
      </marc:datafield>
      <marc:datafield tag="500" ind1=" " ind2=" ">
         <marc:subfield code="a">No. 7/8 (Sept./Oct. 1915) issued with photogravure of "The steerage" by Alfred Stieglitz.</marc:subfield>
      </marc:datafield>
      <marc:datafield tag="500" ind1=" " ind2=" ">
         <marc:subfield code="a">Some original illustrations are hand-colored.</marc:subfield>
      </marc:datafield>
      <marc:datafield tag="500" ind1=" " ind2=" ">
         <marc:subfield code="a">Issued in a "special edition" on special paper, and a "regular edition."</marc:subfield>
      </marc:datafield>
      <marc:datafield tag="500" ind1=" " ind2=" ">
         <marc:subfield code="3">SAX copy 1:</marc:subfield>
         <marc:subfield code="a">The "regular edition."</marc:subfield>
         <marc:subfield code="5">NjP</marc:subfield>
      </marc:datafield>
      <marc:datafield tag="500" ind1=" " ind2=" ">
         <marc:subfield code="3">SAX copy:</marc:subfield>
         <marc:subfield code="a">With broadside announcing opening of the Modern Gallery in New York on Oct. 7, 1915.</marc:subfield>
         <marc:subfield code="5">NjP</marc:subfield>
      </marc:datafield>
      <marc:datafield tag="541" ind1=" " ind2=" ">
         <marc:subfield code="3">GAX copy:</marc:subfield>
         <marc:subfield code="c">Gift;</marc:subfield>
         <marc:subfield code="a">Georgia O'Keeffe,</marc:subfield>
         <marc:subfield code="d">1954.</marc:subfield>
      </marc:datafield>
      <marc:datafield tag="561" ind1=" " ind2=" ">
         <marc:subfield code="3">SAX copy 1, Stieglitz photograph "The steerage":</marc:subfield>
         <marc:subfield code="a">Estate of Alfred Stieglitz to Georgia O'Keeffe, private collection (by gift of O'Keeffe in the 1950's), Doris Bry, private collection in New York.</marc:subfield>
         <marc:subfield code="5">NjP</marc:subfield>
      </marc:datafield>
      <marc:datafield tag="500" ind1=" " ind2=" ">
         <marc:subfield code="3">GAX copy:</marc:subfield>
         <marc:subfield code="a">Housed in clamshell box.</marc:subfield>
         <marc:subfield code="5">NjP</marc:subfield>
      </marc:datafield>
      <marc:datafield tag="530" ind1=" " ind2=" ">
         <marc:subfield code="a">Also available in an electronic version.</marc:subfield>
      </marc:datafield>
      <datafield tag="599" ind1=" " ind2=" ">
         <subfield code="a">ark:/88435/fq977x427</subfield>
         <subfield code="b">bmtnaao_1915-03_01</subfield>
         <subfield code="v">no.1 1915-03</subfield>
      </datafield>
      <marc:datafield tag="650" ind1=" " ind2="0">
         <marc:subfield code="a">Art criticism</marc:subfield>
         <marc:subfield code="v">Periodicals.</marc:subfield>
      </marc:datafield>
      <marc:datafield tag="650" ind1=" " ind2="0">
         <marc:subfield code="a">Arts</marc:subfield>
         <marc:subfield code="v">Periodicals.</marc:subfield>
      </marc:datafield>
      <marc:datafield tag="655" ind1=" " ind2="7">
         <marc:subfield code="a">Photogravures</marc:subfield>
         <marc:subfield code="y">20th century.</marc:subfield>
         <marc:subfield code="2">aat</marc:subfield>
      </marc:datafield>
      <marc:datafield tag="700" ind1="1" ind2=" ">
         <marc:subfield code="a">Stieglitz, Alfred,</marc:subfield>
         <marc:subfield code="d">1864-1946.</marc:subfield>
      </marc:datafield>
      <marc:datafield tag="700" ind1="1" ind2=" ">
         <marc:subfield code="a">Haviland, Paul Burty,</marc:subfield>
         <marc:subfield code="d">1880-1950.</marc:subfield>
      </marc:datafield>
      <marc:datafield tag="700" ind1="1" ind2=" ">
         <marc:subfield code="a">Meyer, Agnes Elizabeth Ernst,</marc:subfield>
         <marc:subfield code="d">1887-1970.</marc:subfield>
      </marc:datafield>
      <marc:datafield tag="700" ind1="1" ind2=" ">
         <marc:subfield code="a">Picabia, Francis,</marc:subfield>
         <marc:subfield code="d">1879-1953.</marc:subfield>
      </marc:datafield>
      <marc:datafield tag="700" ind1="1" ind2=" ">
         <marc:subfield code="a">Rhoades, Katharine N.,</marc:subfield>
         <marc:subfield code="d">1885-1965.</marc:subfield>
      </marc:datafield>
      <marc:datafield tag="700" ind1="1" ind2=" ">
         <marc:subfield code="a">Zayas, Marius de.</marc:subfield>
      </marc:datafield>
      <marc:datafield tag="700" ind1="1" ind2=" ">
         <marc:subfield code="a">O'Keeffe, Georgia,</marc:subfield>
         <marc:subfield code="d">1887-1986,</marc:subfield>
         <marc:subfield code="e">donor.</marc:subfield>
         <marc:subfield code="5">NjP</marc:subfield>
      </marc:datafield>
      <marc:datafield tag="700" ind1="1" ind2="2">
         <marc:subfield code="a">Stieglitz, Alfred,</marc:subfield>
         <marc:subfield code="d">1864-1946.</marc:subfield>
         <marc:subfield code="t">Steerage.</marc:subfield>
      </marc:datafield>
      <marc:datafield tag="710" ind1="2" ind2=" ">
         <marc:subfield code="a">"291" (Gallery)</marc:subfield>
      </marc:datafield>
      <marc:datafield tag="856" ind1="4" ind2="1">
         <marc:subfield code="u">http://arks.princeton.edu/ark:/88435/3t945s159</marc:subfield>
         <marc:subfield code="z">Available online via the Blue Mountain Project</marc:subfield>
      </marc:datafield>
      <marc:datafield tag="902" ind1=" " ind2=" ">
         <marc:subfield code="a">pg</marc:subfield>
         <marc:subfield code="b">l</marc:subfield>
         <marc:subfield code="6">a</marc:subfield>
         <marc:subfield code="7">s</marc:subfield>
         <marc:subfield code="d">v</marc:subfield>
         <marc:subfield code="f">1</marc:subfield>
         <marc:subfield code="e">20060824</marc:subfield>
      </marc:datafield>
   </record>
</collection>
